@MANUAL{svgspec,
    title = "Scalable Vector Graphics (SVG) 1.1 Specification {[online]}",
    organization = "WWW Consorcium",
    url = "http://www.w3.org/TR/2003/REC-SVG11-20030114/",
    note = "[cit. 2011-07-07]",
    key = "svg"
}

@INBOOK{kobltypo,
	title = "Praktick{\' a} typografie",
	author = "Pavel Ko{\v c}i{\v c}ka and Filip Bla{\v z}ek",
	publisher = "Brno: Computer Press",
	year = "2004"
}

@BOOK{rybicka,
	title = "LaTeX pro za\v c\'ate\v cn\'\i{}ky",
	author = "Ji{\v r}{\' i} Rybi{\v c}ka",
	isbn = "80-7302-049-1",
	publisher = "Brno: Konvoj",
	edition = "3"
}

@MANUAL{iso690,
	organization = "\'U\v rad pro technickou normalizaci, metrologii a st\'atn\'\i{} zku\v sebnictv\'\i{}",
	title = "\v CSN ISO 690 Informace a dokumentace -- Pravidla pro bibliografick\'e odkazy a citace informa\v cn\'\i{}ch zdroj{\r u}",
	year = "2011"
}


@ARTICLE {sitova-karta-s-fpga-xilinx,
    title  = "Síťová karta s FPGA Xilinx pro 1 a 10GbE",
    journal = "V: Pandatron - elektrotechnický magazín {[online]}",
    howpublished = "[online]",
    month  = "červen",
    year   = "2013",
    note = "[cit. 2015-10-31]",
    url    = "http://pandatron.cz/?2939&sitova_karta_s_fpga_xilinx_pro_1_a_10gbe"
}


@ARTICLE {wikiPC,
    title  = "Veřejná zakázka",
    journal = "Wikipedie {[online]}",
    howpublished = "[online]",
    note = "[cit. 9. 5. 2020]",
    url    = "https://cs.wikipedia.org/wiki/Ve\%C5\%99ejn\%C3\%A1_zak\%C3\%A1zka"
}

@ARTICLE {wikiOS,
    title  = "Otevřený software",
    journal = "Wikipedie {[online]}",
    howpublished = "[online]",
    note = "[cit. 10. 5. 2020],
    url    = "https://cs.wikipedia.org/wiki/Otev\%C5\%99en\%C3\%BD_software"
}

@ARTICLE {mmr2018,
  author={{Ministerstvo pro místní rozvoj, Odbor elektronizace veřejných zakázek}},
    title  = "Výroční zpráva o stavu veřejných zakázek v České republice za rok 2018",
    journal = "Výroční zprávy o stavu veřejných zakázek {[online]}",
    howpublished = "[online]",
    month  = "květen",
    year   = "2019",
    url    = "http://www.portal-vz.cz/getmedia/1a3cd915-5aea-4f1f-8a41-90565a2efe36/Vyrocni-zprava-o-stavu-verejnych-zakazek-v-Ceske-Republice-za-rok-2018_f.pdf"
}

@ARTICLE {ceskezakazky,
  author={{ČESKÉ ZAKÁZKY.CZ}},
    title  = "Souhrnná statistika portálu České Zakázky.cz",
    journal = "Statistika {[online]}",
    howpublished = "[online]",
    note = "[cit. 11. 5. 2020],
    url    = "http://www.ceskezakazky.cz/statistika.html"
}

@ARTICLE {transparency2019,
  author={{Transparency International, Česká republika}},
    title  = "Férové zadávání veřejných zakázek: Příručka pro zadavatele",
    journal = "Publikace a analýzy {[online]}",
    howpublished = "[online]",
    year   = "2019",
    url    = "https://www.transparency.cz/wp-content/uploads/2019/03/F\%C3\%A9rov\%C3\%A9-ve\%C5\%99ejn\%C3\%A9-zak\%C3\%A1zky-v-ESI-fondech-P\%C5\%99\%C3\%ADru\%C4\%8Dka-pro-zadavatele.pdf"
}

@misc{CPV,
  author={{Evropská komise}},
  title={Nařízení komise (ES) č. 213/2008},
  year={2007},
}


% CLASSIFICATION
@ARTICLE {weiss2019,
    author = {Noa Weiss},
    title  = "The Hitchhiker’s Guide to Hierarchical Classification",
    journal = "Towards Data Science {[online]}",
    howpublished = "[online]",
    month  = "srpen",
    year   = "2019",
    note = "[cit. 22. 4. 2020]",
    url    = "https://towardsdatascience.com/https-medium-com-noa-weiss-the-hitchhikers-guide-to-hierarchical-classification-f8428ea1e076"
}

@ARTICLE {nooney2018,
    author = {Kartik Nooney},
    title  = "Deep dive into multi-label classification..! (With detailed Case Study)",
    journal = "Towards Data Science {[online]}",
    howpublished = "[online]",
    month  = "červen",
    year   = "2018",
    note = "[cit. 22. 4. 2020]",
    url    = "https://towardsdatascience.com/journey-to-the-center-of-multi-label-classification-384c40229bff"
}

% EMBEDDING
@ARTICLE {mayank2019,
    author = {Mohit Mayank},
    title  = "String similarity — the basic know your algorithms guide!",
    journal = "ITNEXT {[online]}",
    howpublished = "[online]",
    month  = "únor",
    year   = "2019",
    note = "[cit. 27. 4. 2020]",
    url    = "https://itnext.io/string-similarity-the-basic-know-your-algorithms-guide-3de3d7346227"
}

@ARTICLE {emmery2017,
    author = {Chris Emmery},
    title  = "Euclidean vs. Cosine Distance",
    journal = "cmry.github.io {[online]}",
    howpublished = "[online]",
    month  = "březen",
    year   = "2017",
    note = "[cit. 27. 4. 2020]",
    url    = "https://cmry.github.io/notes/euclidean-v-cosine"
}

@ARTICLE {palachy2019,
    author = {Palachy, Shay},
    title  = "Document Embedding Techniques",
    journal = "Towards Data Science {[online]}",
    howpublished = "[online]",
    month  = "srpen",
    year   = "2019",
    note = "[cit. 24. 2. 2020]",
    url    = "https://towardsdatascience.com/document-embedding-techniques-fed3e7a6a25d"
}

@ARTICLE {ruder2018,
    author = {Ruder, Sebastian},
    title  = "A Review of the Neural History of Natural Language Processing",
    journal = "ruder.io {[online]}",
    howpublished = "[online]",
    month  = "září",
    year   = "2018",
    note = "[cit. 24. 2. 2020]",
    url    = "https://ruder.io/a-review-of-the-recent-history-of-nlp/index.html#2013wordembeddings"
}

@inproceedings{mikolov2013,
author = {Mikolov, Tomas and Corrado, G.s and Chen, Kai and Dean, Jeffrey},
year = {2013},
month = {01},
pages = {1-12},
title = {Efficient Estimation of Word Representations in Vector Space}
}

@article{mikolov2013b,
author = {Mikolov, Tomas and Sutskever, Ilya and Chen, Kai and Corrado, G.s and Dean, Jeffrey},
year = {2013},
month = {10},
pages = {},
title = {Distributed Representations of Words and Phrases and their Compositionality},
volume = {26},
journal = {Advances in Neural Information Processing Systems}
}

@inproceedings{kenter2016,
    title = "{S}iamese {CBOW}: Optimizing Word Embeddings for Sentence Representations",
    author = "Kenter, Tom  and
      Borisov, Alexey  and
      de Rijke, Maarten",
    booktitle = "Proceedings of the 54th Annual Meeting of the Association for Computational Linguistics (Volume 1: Long Papers)",
    month = aug,
    year = "2016",
    address = "Berlin, Germany",
    publisher = "Association for Computational Linguistics",
    url = "https://www.aclweb.org/anthology/P16-1089",
    doi = "10.18653/v1/P16-1089",
    pages = "941--951",
}

@article{le2014,
author = {Le, Quoc and Mikolov, Tomas},
year = {2014},
month = {05},
pages = {},
title = {Distributed Representations of Sentences and Documents},
volume = {4},
journal = {31st International Conference on Machine Learning, ICML 2014}
}

@inproceedings{pennington2014,
    title = "{G}love: Global Vectors for Word Representation",
    author = "Pennington, Jeffrey  and
      Socher, Richard  and
      Manning, Christopher",
    booktitle = "Proceedings of the 2014 Conference on Empirical Methods in Natural Language Processing ({EMNLP})",
    month = oct,
    year = "2014",
    address = "Doha, Qatar",
    publisher = "Association for Computational Linguistics",
    url = "https://www.aclweb.org/anthology/D14-1162",
    doi = "10.3115/v1/D14-1162",
    pages = "1532--1543",
}

@ARTICLE {genegedara2019,
    author = {Thushan Ganegedara},
    title  = "Intuitive Guide to Understanding GloVe Embeddings",
    journal = "Towards Data Science {[online]}",
    howpublished = "[online]",
    month  = "květen",
    year   = "2019",
    note = "[cit. 24. 2. 2020]",
    url    = "https://towardsdatascience.com/light-on-math-ml-intuitive-guide-to-understanding-glove-embeddings-b13b4f19c010"
}

@inproceedings{hill2016,
    title = "Learning Distributed Representations of Sentences from Unlabelled Data",
    author = "Hill, Felix  and
      Cho, Kyunghyun  and
      Korhonen, Anna",
    booktitle = "Proceedings of the 2016 Conference of the North {A}merican Chapter of the Association for Computational Linguistics: Human Language Technologies",
    month = jun,
    year = "2016",
    address = "San Diego, California",
    publisher = "Association for Computational Linguistics",
    url = "https://www.aclweb.org/anthology/N16-1162",
    doi = "10.18653/v1/N16-1162",
    pages = "1367--1377",
}

@inproceedings{pagliardini2018,
    title = "Unsupervised Learning of Sentence Embeddings Using Compositional n-Gram Features",
    author = "Pagliardini, Matteo  and
      Gupta, Prakhar  and
      Jaggi, Martin",
    booktitle = "Proceedings of the 2018 Conference of the North {A}merican Chapter of the Association for Computational Linguistics: Human Language Technologies, Volume 1 (Long Papers)",
    month = jun,
    year = "2018",
    address = "New Orleans, Louisiana",
    publisher = "Association for Computational Linguistics",
    url = "https://www.aclweb.org/anthology/N18-1049",
    doi = "10.18653/v1/N18-1049",
    pages = "528--540",
}

@article{logenswaran2018,
author = {Logeswaran, Lajanugen and Lee, Honglak},
year = {2018},
month = {03},
pages = {},
title = {An efficient framework for learning sentence representations}
}

@article{kusner2015,
author = {Kusner, Matt and Sun, Y. and Kolkin, N.I. and Weinberger, Kilian},
year = {2015},
month = {01},
pages = {957-966},
title = {From word embeddings to document distances},
journal = {Proceedings of the 32nd International Conference on Machine Learning (ICML 2015)}
}

@article{wu2018,
author = {Wu, Lingfei and Yen, Ian and Xu, Fangli and Ravikuma, Pradeep and Witbrock, Michael},
year = {2018},
month = {02},
pages = {},
title = {D2KE: From Distance to Kernel and Embedding}
}

@inproceedings{peters2018,
author = {Peters, Matthew and Neumann, Mark and Iyyer, Mohit and Gardner, Matt and Clark, Christopher and Lee, Kenton and Zettlemoyer, Luke},
year = {2018},
month = {01},
pages = {2227-2237},
title = {Deep Contextualized Word Representations},
doi = {10.18653/v1/N18-1202}
}

@ARTICLE {alammar2018,
    author = {Jay Alammar},
    title  = "The Illustrated BERT, ELMo, and co. (How NLP Cracked Transfer Learning)",
    journal = "jalammar.github.io {[online]}",
    howpublished = "[online]",
    month  = "prosinec",
    year   = "2018",
    note = "[cit. 24. 2. 2020]",
    url    = "http://jalammar.github.io/illustrated-bert/"
}

@inproceedings{hovard2018,
    title = "Universal Language Model Fine-tuning for Text Classification",
    author = "Howard, Jeremy  and
      Ruder, Sebastian",
    booktitle = "Proceedings of the 56th Annual Meeting of the Association for Computational Linguistics (Volume 1: Long Papers)",
    month = jul,
    year = "2018",
    address = "Melbourne, Australia",
    publisher = "Association for Computational Linguistics",
    url = "https://www.aclweb.org/anthology/P18-1031",
    doi = "10.18653/v1/P18-1031",
    pages = "328--339",
}

@ARTICLE {ghelani2019,
    author = {Shreya Ghelani},
    title  = "From Word Embeddings to Pretrained Language Models — A New Age in NLP — Part 2",
    journal = "Towards Data Science {[online]}",
    howpublished = "[online]",
    month  = "květen",
    year   = "2019",
    note = "[cit. 24. 2. 2020]",
    url    = "https://towardsdatascience.com/from-word-embeddings-to-pretrained-language-models-a-new-age-in-nlp-part-2-e9af9a0bdcd9"
}

@article{vaswani2017,
author = {Vaswani, Ashish and Shazeer, Noam and Parmar, Niki and Uszkoreit, Jakob and Jones, Llion and Gomez, Aidan and Kaiser, Lukasz and Polosukhin, Illia},
year = {2017},
month = {06},
pages = {},
title = {Attention Is All You Need}
}

@ARTICLE {alammar2018b,
    author = {Jay Alammar},
    title  = "The Illustrated Transformer",
    journal = "jalammar.github.io {[online]}",
    howpublished = "[online]",
    month  = "červen",
    year   = "2018",
    note = "[cit. 24. 2. 2020]",
    url    = "https://jalammar.github.io/illustrated-transformer/"
}

@article{cer2018,
author = {Cer, Daniel and Yang, Yinfei and Kong, Sheng-yi and Hua, Nan and Limtiaco, Nicole and John, Rhomni and Constant, Noah and Guajardo-Cespedes, Mario and Yuan, Steve and Tar, Chris and Sung, Yun-Hsuan and Strope, Brian and Kurzweil, Ray},
year = {2018},
month = {03},
pages = {},
title = {Universal Sentence Encoder}
}

@ARTICLE {yang2018,
    author = {Yinfei Yang},
    title  = "
Advances in Semantic Textual Similarity ",
    journal = "Google AI Blog {[online]}",
    howpublished = "[online]",
    month  = "květen",
    year   = "2018",
    note = "[cit. 24. 2. 2020]",
    url    = "https://ai.googleblog.com/2018/05/advances-in-semantic-textual-similarity.html"
}

@inproceedings{radford2018,
author = {Radford Alec, Karthik Narasimhan, Tim Salimans, Ilya Sutskever},
year = {2018},
title = {Improving Language Understandingby Generative Pre-Training}
}

@inproceedings{radford2019,
author = {Radford Alec, Jeffrey Wu, Rewon Child, David Luan, Dario Amodei, Ilya Sutskever},
year = {2019},
title = {Language Models are Unsupervised Multitask Learners}
}

@ARTICLE {liang2019,
    author = {Xu Liang},
    title  = "What is XLNet and why it outperforms BERT",
    journal = "Towards Data Science {[online]}",
    howpublished = "[online]",
    month  = "červen",
    year   = "2019",
    note = "[cit. 24. 2. 2020]",
    url    = "https://towardsdatascience.com/what-is-xlnet-and-why-it-outperforms-bert-8d8fce710335"
}

@inproceedings{devlin2018,
    title = "{BERT}: Pre-training of Deep Bidirectional Transformers for Language Understanding",
    author = "Devlin, Jacob  and
      Chang, Ming-Wei  and
      Lee, Kenton  and
      Toutanova, Kristina",
    month = "říjen",
    year = "2018",
    url = "https://www.aclweb.org/anthology/N19-1423",
    doi = "10.18653/v1/N19-1423"
}

@ARTICLE {horev2018,
    author = {Rani Horev},
    title  = "BERT Explained: State of the art language model for NLP",
    journal = "Towards Data Science {[online]}",
    howpublished = "[online]",
    month  = "listopad",
    year   = "2018",
    note = "[cit. 24. 2. 2020]",
    url    = "https://towardsdatascience.com/bert-explained-state-of-the-art-language-model-for-nlp-f8b21a9b6270"
}

@inproceedings{reimers2019,
author = {Reimers, Nils and Gurevych, Iryna},
year = {2019},
month = {01},
pages = {3973-3983},
title = {Sentence-BERT: Sentence Embeddings using Siamese BERT-Networks},
doi = {10.18653/v1/D19-1410}
}

@misc{yang2019,
    title={XLNet: Generalized Autoregressive Pretraining for Language Understanding},
    author={Zhilin Yang and Zihang Dai and Yiming Yang and Jaime Carbonell and Ruslan Salakhutdinov and Quoc V. Le},
    year={2019},
    eprint={1906.08237},
    archivePrefix={arXiv},
    primaryClass={cs.CL}
}

@inproceedings{dai2019,
    title = "Transformer-{XL}: Attentive Language Models beyond a Fixed-Length Context",
    author = "Dai, Zihang  and
      Yang, Zhilin  and
      Yang, Yiming  and
      Carbonell, Jaime  and
      Le, Quoc  and
      Salakhutdinov, Ruslan",
    booktitle = "Proceedings of the 57th Annual Meeting of the Association for Computational Linguistics",
    month = jul,
    year = "2019",
    address = "Florence, Italy",
    publisher = "Association for Computational Linguistics",
    url = "https://www.aclweb.org/anthology/P19-1285",
    doi = "10.18653/v1/P19-1285",
    pages = "2978--2988",
}

@ARTICLE {suryavansh2020,
    author = {Manu Suryavansh},
    title  = "2019 — Year of BERT and Transformer",
    journal = "Towards Data Science {[online]}",
    howpublished = "[online]",
    month  = "leden",
    year   = "2020",
    note = "[cit. 24. 2. 2020]",
    url    = "https://towardsdatascience.com/2019-year-of-bert-and-transformer-f200b53d05b9"
}

@misc{lan2019,
    title={ALBERT: A Lite BERT for Self-supervised Learning of Language Representations},
    author={Zhenzhong Lan and Mingda Chen and Sebastian Goodman and Kevin Gimpel and Piyush Sharma and Radu Soricut},
    year={2019},
    eprint={1909.11942},
    archivePrefix={arXiv},
    primaryClass={cs.CL}
}

@misc{yang2019b,
    title={Multilingual Universal Sentence Encoder for Semantic Retrieval},
    author={Yinfei Yang and Daniel Cer and Amin Ahmad and Mandy Guo and Jax Law and Noah Constant and Gustavo Hernandez Abrego and Steve Yuan and Chris Tar and Yun-Hsuan Sung and Brian Strope and Ray Kurzweil},
    year={2019},
    eprint={1907.04307},
    archivePrefix={arXiv},
    primaryClass={cs.CL}
}

@misc{eisenschlos2019,
    title={MultiFiT: Efficient Multi-lingual Language Model Fine-tuning},
    author={Julian Eisenschlos and Sebastian Ruder and Piotr Czapla and Marcin Kardas and Sylvain Gugger and Jeremy Howard},
    year={2019},
    eprint={1909.04761},
    archivePrefix={arXiv},
    primaryClass={cs.CL}
}

@inproceedings{horenovska2019,
    title = "An evaluation of {C}zech word embeddings",
    author = "Hořeňovská, Karolína",
    booktitle = "Proceedings of the 22nd Nordic Conference on Computational Linguistics",
    month = sep # "{--}" # oct,
    year = "2019",
    address = "Turku, Finland",
    publisher = {Link{\"o}ping University Electronic Press},
    url = "https://www.aclweb.org/anthology/W19-6107",
    pages = "65--75",
}

@misc{svoboda2016,
    title={New word analogy corpus for exploring embeddings of Czech words},
    author={Lukáš Svoboda and Tomáš Brychcín},
    year={2016},
    eprint={1608.00789},
    archivePrefix={arXiv},
    primaryClass={cs.CL}
}

@inproceedings{konopik2017,
    title = "{C}zech Dataset for Semantic Similarity and Relatedness",
    author = "Konopík, Miloslav  and
      Pražák, Ondřej  and
      Steinberger, David",
    booktitle = "Proceedings of the International Conference Recent Advances in Natural Language Processing, {RANLP} 2017",
    month = sep,
    year = "2017",
    address = "Varna, Bulgaria",
    publisher = "INCOMA Ltd.",
    url = "https://doi.org/10.26615/978-954-452-049-6_053",
    doi = "10.26615/978-954-452-049-6_053",
    pages = "401--406",
}

@InProceedings{svoboda2018,
author="Svoboda, Lukáš
and Brychcín, Tomáš",
editor="Sojka, Petr
and Horák, Aleš
and Kopeček, Ivan
and Pala, Karel",
title="Czech Dataset for Semantic Textual Similarity",
booktitle="Text, Speech, and Dialogue",
year="2018",
publisher="Springer International Publishing",
address="Cham",
pages="213--221",
isbn="978-3-030-00794-2"
}

@misc{conneau2018,
    title={SentEval: An Evaluation Toolkit for Universal Sentence Representations},
    author={Alexis Conneau and Douwe Kiela},
    year={2018},
    eprint={1803.05449},
    archivePrefix={arXiv},
    primaryClass={cs.CL}
}


% RECOMMENDER
@ARTICLE {rocca2019,
    author = {Baptiste Rocca},
    title  = "Introduction to recommender systems",
    journal = "Towards Data Science {[online]}",
    howpublished = "[online]",
    month  = "červen",
    year   = "2019",
    note = "[cit. 28. 2. 2020]",
    url    = "https://towardsdatascience.com/introduction-to-recommender-systems-6c66cf15ada"
}


@ARTICLE {dey2016,
    author = {Sourav Dey},
    title  = "Distance Matrix Vectorization Trick",
    journal = "Medium {[online]}",
    howpublished = "[online]",
    month  = "srpen",
    year   = "2016",
    note = "[cit. 7. 5. 2020]",
    url    = "https://medium.com/@souravdey/l2-distance-matrix-vectorization-trick-26aa3247ac6c"
}


% SYSTEMS

@misc{hlidacstatu,
title = "Hlídač státu {[online]}",
url = {https://www.alza.cz/hlidac-statu/v15308.htm},
type = {web page},
note = "[Cited 2020-04-22]"
}

@misc{vhodneuverejneni,
title = "Portál pro vhodné uveřejnění {[online]}",
url = {https://www.vhodne-uverejneni.cz},
type = {web page},
note = "[Cited 2020-5-9]"
}

@misc{vhodneuverejneniFAQ,
title = "Portál pro vhodné uveřejnění {[online]}",
url = {https://www.vhodne-uverejneni.cz/caste-dotazy#faq_6},
type = {web page},
note = "[Cited 2020-04-20]"
}

@misc{tenderman,
title = "Tenderman {[online]}",
url = {https://tenderman.cz/},
type = {web page},
note = "[Cited 2020-5-9]"
}


@misc{isvz,
title = "Číselníky a klasifikace veřejných zakázek {[online]}",
url = {http://www.isvz.cz/ISVZ/Ciselniky/ISVZ_klasifikace_ciselniky.aspx},
type = {web page},
note = "[Cited 2020-04-21]"
}

@misc{isvz2,
title = "Profil zadavatelů dle zákona č.134/2016 Sb. {[online]}",
url = {http://www.isvz.cz/ISVZ/VZ/ProfilyZadavatelu_134_2016.aspx},
type = {web page},
note = "[Cited 2020-04-20]"
}

% TECHNOLOGIES
@misc{heureka,
title = "Heureka {[online]}",
url = {https://www.heureka.cz/},
type = {web page},
note = "[Cited 2020-04-21]"
}

@misc{ARES,
title = "Administrativní registr ekonomických subjektů {[online]}",
url = {https://wwwinfo.mfcr.cz/ares/},
type = {web page},
note = "[Cited 2020-04-21]"
}

@misc{geocoding,
title = "Geokódování {[online]}",
url = {https://api.mapy.cz/view?page=geocoding},
type = {web page},
note = "[Cited 2020-04-21]"
}

@misc{UDweb,
title = "Universal Dependencies {[online]}",
url = {https://universaldependencies.org/},
type = {web page},
note = "[Cited 2020-04-11]"
}

@misc{PDT,
title = "Prague Dependency Treebank {[online]}",
url = {http://ufal.mff.cuni.cz/pdt},
type = {web page},
note = "[Cited 2020-04-12]"
}

@misc{Treex,
title = "Treex {[online]}",
url = {http://ufal.mff.cuni.cz/treex},
type = {web page},
note = "[Cited 2020-04-12]"
}

@misc{UDPipe,
title = "UDPipe {[online]}",
url = {http://ufal.mff.cuni.cz/udpipe},
type = {web page},
note = "[Cited 2020-04-12]"
}

@misc{Udapi,
title = "Udapi {[online]}",
url = {https://udapi.github.io/},
type = {web page},
note = "[Cited 2020-04-13]"
}

@misc{UD_Czech-PDT,
 title = {Universal Dependencies 2.5},
 author = {Zeman, Daniel and Nivre, Joakim and Abrams, Mitchell and Aepli, No{\"e}mi and Agi{\'c}, {\v Z}eljko and Ahrenberg,
 Lars and Aleksandravi{\v c}i{\=u}t{\.e}, Gabriel{\.e} and Antonsen, Lene and Aplonova, Katya and Aranzabe, Maria Jesus and Arutie, Gashaw and Asahara, Masayuki and Ateyah, Luma and Attia, Mohammed and Atutxa, Aitziber and Augustinus, Liesbeth and Badmaeva, Elena and Ballesteros, Miguel and Banerjee, Esha and Bank, Sebastian and Barbu Mititelu, Verginica and Basmov, Victoria and Batchelor, Colin and Bauer, John and Bellato, Sandra and Bengoetxea, Kepa and Berzak, Yevgeni and Bhat, Irshad Ahmad and Bhat, Riyaz Ahmad and Biagetti, Erica and Bick, Eckhard and Bielinskien{\.e}, Agn{\.e} and Blokland, Rogier and Bobicev, Victoria and Boizou, Lo{\"{\i}}c and Borges V{\"o}lker, Emanuel and B{\"o}rstell, Carl and Bosco, Cristina and Bouma, Gosse and Bowman, Sam and Boyd, Adriane and Brokait{\.e}, Kristina and Burchardt, Aljoscha and Candito, Marie and Caron, Bernard and Caron, Gauthier and Cavalcanti, Tatiana and Cebiro{\u g}lu Eryi{\u g}it, G{\"u}l{\c s}en and Cecchini, Flavio Massimiliano and Celano, Giuseppe G. A. and {\v C}{\'e}pl{\"o}, Slavom{\'{\i}}r and Cetin, Savas and Chalub, Fabricio and Choi, Jinho and Cho, Yongseok and Chun, Jayeol and Cignarella, Alessandra T. and Cinkov{\'a}, Silvie and Collomb, Aur{\'e}lie and {\c C}{\"o}ltekin, {\c C}a{\u g}r{\i} and Connor, Miriam and Courtin, Marine and Davidson, Elizabeth and de Marneffe, Marie-Catherine and de Paiva, Valeria and de Souza, Elvis and Diaz de Ilarraza, Arantza and Dickerson, Carly and Dione, Bamba and Dirix, Peter and Dobrovoljc, Kaja and Dozat, Timothy and Droganova, Kira and Dwivedi, Puneet and Eckhoff, Hanne and Eli, Marhaba and Elkahky, Ali and Ephrem, Binyam and Erina, Olga and Erjavec, Toma{\v z} and Etienne, Aline and Evelyn, Wograine and Farkas, Rich{\'a}rd and Fernandez Alcalde, Hector and Foster, Jennifer and Freitas, Cl{\'a}udia and Fujita, Kazunori and Gajdo{\v s}ov{\'a}, Katar{\'{\i}}na and Galbraith, Daniel and Garcia, Marcos and G{\"a}rdenfors, Moa and Garza, Sebastian and Gerdes, Kim and Ginter, Filip and Goenaga, Iakes and Gojenola, Koldo and G{\"o}k{\i}rmak, Memduh and Goldberg, Yoav and G{\'o}mez Guinovart, Xavier and Gonz{\'a}lez Saavedra,
 Berta and Grici{\=u}t{\.e}, Bernadeta and Grioni,
 Matias and Gr{\=
u}z{\={\i}}tis, Normunds and Guillaume, Bruno and Guillot-Barbance, C{\'e}line and Habash, Nizar and Haji{\v c}, Jan and Haji{\v c} jr., Jan and H{\"a}m{\"a}l{\"a}inen, Mika and H{\`a} M{\~y}, Linh and Han, Na-Rae and Harris, Kim and Haug, Dag and Heinecke, Johannes and Hennig, Felix and Hladk{\'a}, Barbora and Hlav{\'a}{\v c}ov{\'a}, Jaroslava and Hociung, Florinel and Hohle, Petter and Hwang, Jena and Ikeda, Takumi and Ion, Radu and Irimia, Elena and Ishola, {\d O}l{\'a}j{\'{\i}}d{\'e} and Jel{\'{\i}}nek, Tom{\'a}{\v s} and Johannsen, Anders and J{\o}rgensen, Fredrik and Juutinen, Markus and Ka{\c s}{\i}kara, H{\"u}ner and Kaasen, Andre and Kabaeva, Nadezhda and Kahane, Sylvain and Kanayama, Hiroshi and Kanerva, Jenna and Katz, Boris and Kayadelen, Tolga and Kenney, Jessica and Kettnerov{\'a}, V{\'a}clava and Kirchner, Jesse and Klementieva, Elena and K{\"o}hn, Arne and Kopacewicz, Kamil and Kotsyba, Natalia and Kovalevskait{\.e}, Jolanta and Krek, Simon and Kwak, Sookyoung and Laippala, Veronika and Lambertino, Lorenzo and Lam, Lucia and Lando, Tatiana and Larasati, Septina Dian and Lavrentiev, Alexei and Lee, John and L{\^e} H{\`{\^o}}ng, Phương and Lenci, Alessandro and Lertpradit, Saran and Leung, Herman and Li, Cheuk Ying and Li, Josie and Li, Keying and Lim, {KyungTae} and Liovina, Maria and Li, Yuan and Ljube{\v s}i{\'c}, Nikola and Loginova, Olga and Lyashevskaya, Olga and Lynn, Teresa and Macketanz, Vivien and Makazhanov, Aibek and Mandl, Michael and Manning, Christopher and Manurung, Ruli and M{\u a}r{\u a}nduc, C{\u a}t{\u a}lina and Mare{\v c}ek, David and Marheinecke, Katrin and Mart{\'{\i}}nez Alonso, H{\'e}ctor and Martins, Andr{\'e} and Ma{\v s}ek, Jan and Matsumoto, Yuji and {McDonald}, Ryan and {McGuinness}, Sarah and Mendon{\c c}a, Gustavo and Miekka, Niko and Misirpashayeva, Margarita and Missil{\"a}, Anna and Mititelu, C{\u a}t{\u a}lin and Mitrofan, Maria and Miyao, Yusuke and Montemagni, Simonetta and More, Amir and Moreno Romero, Laura and Mori, Keiko Sophie and Morioka, Tomohiko and Mori, Shinsuke and Moro, Shigeki and Mortensen, Bjartur and Moskalevskyi, Bohdan and Muischnek, Kadri and Munro, Robert and Murawaki, Yugo and M{\"u}{\"u}risep, Kaili and Nainwani, Pinkey and Navarro Hor{\~n}iacek, Juan Ignacio and Nedoluzhko,
 Anna and Ne{\v s}pore-B{\=e}rzkalne, Gunta and Nguy{\~{\^e}}n Th{\d i}, Lương and Nguy{\~{\^e}}n Th{\d i} Minh, Huy{\`{\^e}}n and Nikaido, Yoshihiro and Nikolaev, Vitaly and Nitisaroj, Rattima and Nurmi, Hanna and Ojala, Stina and Ojha, Atul Kr. and Ol{\'u}{\`o}kun, Ad{\'e}day{\d o}̀ and Omura, Mai and Osenova, Petya and {\"O}stling, Robert and {\O}vrelid, Lilja and Partanen, Niko and Pascual, Elena and Passarotti, Marco and Patejuk, Agnieszka and Paulino-Passos, Guilherme and Peljak-{\L}api{\'n}ska, Angelika and Peng, Siyao and Perez, Cenel-Augusto and Perrier, Guy and Petrova, Daria and Petrov, Slav and Phelan, Jason and Piitulainen, Jussi and Pirinen, Tommi A and Pitler, Emily and Plank, Barbara and Poibeau, Thierry and Ponomareva, Larisa and Popel, Martin and Pretkalni{\c n}a, Lauma and Pr{\'e}vost, Sophie and Prokopidis, Prokopis and Przepi{\'o}rkowski, Adam and Puolakainen, Tiina and Pyysalo, Sampo and Qi, Peng and R{\"a}{\"a}bis, Andriela and Rademaker, Alexandre and Ramasamy, Loganathan and Rama, Taraka and Ramisch, Carlos and Ravishankar, Vinit and Real, Livy and Reddy, Siva and Rehm, Georg and Riabov, Ivan and Rie{\ss}ler, Michael and Rimkut{\.e}, Erika and Rinaldi, Larissa and Rituma, Laura and Rocha, Luisa and Romanenko, Mykhailo and Rosa, Rudolf and Rovati, Davide and Roșca, Valentin and Rudina, Olga and Rueter, Jack and Sadde, Shoval and Sagot, Beno{\^{\i}}t and Saleh, Shadi and Salomoni, Alessio and Samard{\v z}i{\'c}, Tanja and Samson, Stephanie and Sanguinetti, Manuela and S{\"a}rg,
 Dage and Saul{\={\i}}te, Baiba and Sawanakunanon, Yanin and Schneider, Nathan and Schuster, Sebastian and Seddah, Djam{\'e} and Seeker, Wolfgang and Seraji, Mojgan and Shen, Mo and Shimada, Atsuko and Shirasu, Hiroyuki and Shohibussirri, Muh and Sichinava, Dmitry and Silveira, Aline and Silveira, Natalia and Simi, Maria and Simionescu, Radu and Simk{\'o}, Katalin and {\v S}imkov{\'a}, M{\'a}ria and Simov, Kiril and Smith, Aaron and Soares-Bastos, Isabela and Spadine, Carolyn and Stella, Antonio and Straka, Milan and Strnadov{\'a}, Jana and Suhr, Alane and Sulubacak, Umut and Suzuki, Shingo and Sz{\'a}nt{\'o}, Zsolt and Taji, Dima and Takahashi, Yuta and Tamburini, Fabio and Tanaka, Takaaki and Tellier, Isabelle and Thomas, Guillaume and Torga, Liisi and Trosterud, Trond and Trukhina, Anna and Tsarfaty, Reut and Tyers, Francis and Uematsu, Sumire and Ure{\v s}ov{\'a}, Zde{\v n}ka and Uria, Larraitz and Uszkoreit, Hans and Utka, Andrius and Vajjala, Sowmya and van Niekerk, Daniel and van Noord, Gertjan and Varga, Viktor and Villemonte de la Clergerie, Eric and Vincze, Veronika and Wallin, Lars and Walsh, Abigail and Wang, Jing Xian and Washington, Jonathan North and Wendt, Maximilan and Williams, Seyi and Wir{\'e}n, Mats and Wittern, Christian and Woldemariam, Tsegay and Wong, Tak-sum and Wr{\'o}blewska, Alina and Yako, Mary and Yamazaki, Naoki and Yan, Chunxiao and Yasuoka, Koichi and Yavrumyan, Marat M. and Yu, Zhuoran and {\v Z}abokrtsk{\'y}, Zden{\v e}k and Zeldes, Amir and Zhang, Manying and Zhu, Hanzhi},
 url = {http://hdl.handle.net/11234/1-3105},
 note = {{LINDAT}/{CLARIAH}-{CZ} digital library at the Institute of Formal and Applied Linguistics ({{\'U}FAL}), Faculty of Mathematics and Physics, Charles University},
 copyright = {Licence Universal Dependencies v2.5},
 year = {2019} }